
<record>
  <leader>00987nam a22002655i 4500</leader>
  <controlfield tag="001">21352067</controlfield>
  <datafield tag="906" ind1=" " ind2=" ">
    <subfield code="a">0</subfield>
    <subfield code="b">ibc</subfield>
    <subfield code="c">origres</subfield>
    <subfield code="d">u</subfield>
    <subfield code="e">ncip</subfield>
    <subfield code="f">20</subfield>
    <subfield code="g">y-gencatlg</subfield>
  </datafield>
  <datafield tag="925" ind1="0" ind2=" ">
    <subfield code="a">acquire</subfield>
    <subfield code="b">1 shelf copy</subfield>
    <subfield code="x">policy default</subfield>
  </datafield>
  <datafield tag="955" ind1=" " ind2=" ">
    <subfield code="a">ve16 2020-01-03</subfield>
  </datafield>
  <controlfield tag="005">20200103193929.0</controlfield>
  <controlfield tag="008">191204s2019    ru            000 0 ruso </controlfield>
  <datafield tag="020" ind1=" " ind2=" ">
    <subfield code="a">9785939167956</subfield>
  </datafield>
  <datafield tag="035" ind1=" " ind2=" ">
    <subfield code="a">(RuMoEVIS)ev1281802B</subfield>
  </datafield>
  <datafield tag="040" ind1=" " ind2=" ">
    <subfield code="a">DLC</subfield>
    <subfield code="b">eng</subfield>
    <subfield code="c">DLC</subfield>
    <subfield code="e">rda</subfield>
  </datafield>
  <datafield tag="042" ind1=" " ind2=" ">
    <subfield code="a">pcc</subfield>
  </datafield>
  <datafield tag="100" ind1="1" ind2=" ">
    <subfield code="a">Aulov, V. K.,</subfield>
    <subfield code="e">author.</subfield>
  </datafield>
  <datafield tag="245" ind1="1" ind2="0">
    <subfield code="a">Sudebnai︠a︡ vlastʹ :</subfield>
    <subfield code="b">institut︠s︡ionalʹno-pravovye aspekty : monografii︠a︡ /</subfield>
    <subfield code="c">Avtorskiĭ kolllektiv: Aulov V.K. [and others].</subfield>
  </datafield>
  <datafield tag="264" ind1=" " ind2="1">
    <subfield code="a">Moskva :</subfield>
    <subfield code="b">Rossiĭskiĭ gosudarstvennyĭ universitet pravosudii︠a︡,</subfield>
    <subfield code="c">2019.</subfield>
  </datafield>
  <datafield tag="300" ind1=" " ind2=" ">
    <subfield code="a">402 pages ;</subfield>
    <subfield code="c">22 cm</subfield>
  </datafield>
  <datafield tag="336" ind1=" " ind2=" ">
    <subfield code="a">text</subfield>
    <subfield code="b">txt</subfield>
    <subfield code="2">rdacontent</subfield>
  </datafield>
  <datafield tag="337" ind1=" " ind2=" ">
    <subfield code="a">unmediated</subfield>
    <subfield code="b">n</subfield>
    <subfield code="2">rdamedia</subfield>
  </datafield>
  <datafield tag="338" ind1=" " ind2=" ">
    <subfield code="a">volume</subfield>
    <subfield code="b">nc</subfield>
    <subfield code="2">rdacarrier</subfield>
  </datafield>
  <datafield tag="653" ind1="0" ind2=" ">
    <subfield code="a">Law in general. Comparative and uniform law.Jurisprudence.</subfield>
  </datafield>
  <datafield tag="923" ind1=" " ind2=" ">
    <subfield code="d">20191216</subfield>
    <subfield code="n">10252412</subfield>
    <subfield code="s">RuMoEVIS</subfield>
  </datafield>
  <datafield tag="985" ind1=" " ind2=" ">
    <subfield code="e">VENDOR LOAD</subfield>
  </datafield>
</record>